@article{BakTangWiesenfeld:1987,
    title = {Self-Organized Criticality: An Explanation of 1/$f$ Noise},
    author ={P. Bak and C. Tang and K. Wiesenfeld},
    year = {1987},
    journal = {Physical Review Letters},
    number = {4},
    volume = {59}
}

@article{BakTang:1988,
    author = {Tang, Chao and Bak, Per},
    year = {1988},
    month = {07},
    pages = {2347-2350},
    title = {Critical Exponents and Scaling Relations for Self-Organized Critical Phenomena},
    volume = {60},
    booktitle = {Physical review letters}
}

@article{BakTang:MeanField:1988,
    author="Tang, Chao and Bak, Per",
    title="Mean field theory of self-organized critical phenomena",
    journal="Journal of Statistical Physics",
    year="1988",
    month="Jun",
    day="01",
    volume="51",
    number="5",
    pages="797--802",
    issn="1572-9613",
    doi="10.1007/BF01014884",
    url="https://doi.org/10.1007/BF01014884"
}

@unpublished{CPproject,
    title = {Projects for Computational Physics},
    subtitle = {Cellular automata for sandpiles},
    author = {M. Petschlies and C. Urbach},
    year = {2018}
}

@article{Weissman:1988zz,
    author = {Weissman, M. B.},
    title = {1/f noise and other slow, nonexponential kinetics in condensed matter},
    journal = {Rev. Mod. Phys.},
    volume = {60},
    year = {1988},
    pages = {537-571},
    doi = {10.1103/RevModPhys.60.537},
    SLACcitation = {%%CITATION = RMPHA,60,537;%%}
}

@book{SOC-book,
    title = {Self-Organized Criticality; Theory, Models and Characterisation},
    author ={G. Pruessner},
    year = {2012}
}

@article{Hergarten,
    author = {Hergarten, Stefan},
    year = {2003},
    month = {11},
    pages = {},
    title = {Landslides, sandpiles, and self-organized criticality},
    volume = {3},
    booktitle = {Natural Hazards and Earth System Science}
}

@article{Creutz,
    author = {Creutz, Michael},
    year = {1997},
    month = {01},
    pages = {},
    title = {Cellular Automata And Self Organized Criticality}
}

@article{Golyk,
    author = {Golyk, Vladyslav A.},
    year = {},
    month = {},
    title = {Self-organized criticality}
}

@article{Banerjee,
    author = {Banerjee, Arka},
    year = {2012},
    month = {05},
    title = {Self-organized criticality in sandpile models}
}

@article{Christensen1991,
    author="Christensen, Kim and Fogedby, Hans C. and Jeldtoft Jensen, Henrik",
    title="Dynamical and spatial aspects of sandpile cellular automata",
    journal="Journal of Statistical Physics",
    year="1991",
    month="May",
    day="01",
    volume="63",
    number="3",
    pages="653--684",
    issn="1572-9613",
    doi="10.1007/BF01029204",
    url="https://doi.org/10.1007/BF01029204"
}

@article{socbook-ref--s,
   author = {{L{\"u}beck}, S. and {Usadel}, K.~D.},
    title = "{Bak-Tang-Wiesenfeld sandpile model around the upper critical dimension}",
  journal = {\pre},
   eprint = {cond-mat/9708055},
     year = 1997,
    month = nov,
   volume = 56,
    pages = {5138-5143},
      doi = {10.1103/PhysRevE.56.5138},
   adsurl = {http://adsabs.harvard.edu/abs/1997PhRvE..56.5138L},
  adsnote = {Provided by the SAO/NASA Astrophysics Data System}
}

@article{socbook-ref--t,
   author = {{L{\"u}beck}, S.},
    title = "{Moment analysis of the probability distribution of different sandpile models}",
  journal = {\pre},
   eprint = {cond-mat/9910374},
 keywords = {Dynamic critical phenomena, Self-organized systems, Fluctuation phenomena random processes noise and Brownian motion},
     year = 2000,
    month = jan,
   volume = 61,
    pages = {204-209},
      doi = {10.1103/PhysRevE.61.204},
   adsurl = {http://adsabs.harvard.edu/abs/2000PhRvE..61..204L},
  adsnote = {Provided by the SAO/NASA Astrophysics Data System}
}

@article{socbook-ref--q,
  title = {From waves to avalanches: Two different mechanisms of sandpile dynamics},
  author = {De Menech, Mario and Stella, Attilio L.},
  journal = {Phys. Rev. E},
  volume = {62},
  issue = {4},
  pages = {R4528--R4531},
  numpages = {0},
  year = {2000},
  month = {Oct},
  publisher = {American Physical Society},
  doi = {10.1103/PhysRevE.62.R4528},
  url = {https://link.aps.org/doi/10.1103/PhysRevE.62.R4528}
}

@article{socbook-ref--k,
  title = {Universality in sandpiles},
  author = {Chessa, Alessandro and Stanley, H. Eugene and Vespignani, Alessandro and Zapperi, Stefano},
  journal = {Phys. Rev. E},
  volume = {59},
  issue = {1},
  pages = {R12--R15},
  numpages = {0},
  year = {1999},
  month = {Jan},
  publisher = {American Physical Society},
  doi = {10.1103/PhysRevE.59.R12},
  url = {https://link.aps.org/doi/10.1103/PhysRevE.59.R12}
}

@article{socbook-ref--n,
  author = {Bonachela, Juan A.},
  year = {2008}
}
